1768 3068
0 0 78 131 ς,

0 136 17 179 ,Κ

0 222 128 345 if

0 431 4 440 ³
121 423 1558 649 ν’1,,Ε(ῑτοψζιῂς.

121 764 566 1005 HABES,
584 780 804 830 benevole
819 780 977 837 lector,
997 779 1154 844 magni
1170 780 1356 844 Nasbnis
1369 780 1631 831 maximum

383 865 501 913 opus
587 850 780 928 Qanta
797 846 935 895 fuerit
953 845 1165 897 melliflui
1186 845 1326 912 hujus
1340 847 1459 895 vatis
1479 849 1630 896 excel.

133 923 139 926 '
384 914 537 974 lentia,
572 916 715 978 quitm
740 914 905 961 multae
928 913 1171 986 variaeque
1186 912 1334 972 dotes,
1358 913 1630 979 supervaca-

385 996 524 1029 neum
540 982 604 1029 est
625 981 790 1028 dicere.
827 982 882 1028 In
900 979 1117 1028 omnibus
1133 995 1232 1045 ejus
1249 980 1469 1054 operibus
1487 994 1632 1031 certat

123 1064 235 1096 cum
257 1046 512 1096 eruditione
529 1046 816 1112 politissima
807 1045 976 1126 ingenii
994 1045 1190 1094 felicitas
1203 1045 1334 1095 mira.
1370 1045 1511 1095 Licet
1525 1048 1630 1095 fim-
1678 1063 1682 1069 ·

122 1115 297 1180 plici&
313 1113 703 1192 negligentiludat
718 1130 849 1169 vena,
867 1113 989 1159 adest
999 1125 1150 1160 tamen
1164 1110 1508 1192 diligentiffima
1523 1114 1632 1163 artis

124 1180 382 1259 elegantia:
421 1179 534 1227 adeo
559 1193 612 1227 ut
624 1181 826 1227 arduum
845 1179 899 1226 sit
915 1179 1080 1236 dicere,
1114 1178 1270 1226 utrum
1290 1192 1431 1226 artem
1450 1193 1632 1239 natura,

124 1264 183 1295 an
208 1263 319 1296 vero
344 1260 556 1293 naturam
580 1263 651 1293 ars
677 1263 822 1310 magis
846 1216 1114 1298 excoluerit.
1183 1245 1309 1294 Tam
1332 1245 1440 1310 apte
1459 1262 1631 1295 conve-

124 1313 261 1363 niunt
286 1314 336 1362 &
355 1311 544 1359 materia
569 1313 617 1359 δε
642 1312 783 1359 verba
806 1311 974 1369 modis,
1008 1324 1063 1358 ut
1085 1310 1161 1358 vel
1185 1310 1382 1359 resoluta
1389 1311 1595 1387 sponte
1583 1329 1633 1360 m

118 1380 291 1438 ⁴modos
310 1379 511 1426 defluere
534 1379 752 1426 crederes.
823 1379 917 1426 Ars
934 1377 1153 1441 equidem
1171 1377 1221 1425 δι
1239 1376 1371 1424 labor
1388 1377 1631 1452 improbus

121 1441 317 1492 minime
354 1445 697 1501 desiderantur,
734 1444 839 1491 haec
865 1455 1018 1491 tamen
1043 1441 1227 1508 placide
1259 1443 1457 1492 obducit
1479 1443 1663 1499 facilis

123 1509 364 1576 ingenii&
384 1523 562 1558 natutae
585 1509 863 1574 simplicitas.
930 1509 1086 1575 Atqui
1104 1507 1255 1558 facilis
1273 1509 1375 1558 haec
1393 1527 1510 1558 vena
1526 1512 1631 1559 lite-

119 1577 195 1626 ris
176 1553 572 1626 0humanioribus
610 1577 751 1640 usque
775 1578 823 1627 &
849 1575 991 1639 usque
1012 1575 1238 1640 expolita,
1272 1575 1442 1624 nullibi
1478 1579 1631 1643 magis

123 1659 267 1708 quam
283 1643 329 1691 in
349 1643 487 1708 ipsius
503 1644 698 1708 Epistolis
713 1642 880 1690 elucet.
915 1641 1340 1691 Praestantiffimum
1358 1643 1477 1697 illud
1491 1661 1630 1708 opus,

123 1711 256 1774 quod
274 1711 555 1777 Epistolarum
572 1710 803 1757 Hero‘idum
819 1709 958 1757 titulo
980 1706 1168 1773 gaudet,
1201 1709 1454 1782 quodque
1442 1726 1631 1775 lmprae-

122 1776 369 1824 sentiarum
406 1773 587 1840 publici
606 1774 737 1840 juris
761 1774 977 1833 facimus,
1002 1791 1110 1839 jure
1146 1774 1406 1839 meritoque
1438 1777 1630 1842 reliquis

120 1841 224 1904 ejus
247 1843 466 1916 operibus
490 1842 694 1907 palmam
718 1840 941 1905 praeripit.
1011 1840 1147 1888 Nihil
1172 1840 1249 1888 hic
1279 1841 1472 1905 reperies
1496 1844 1630 1907 quod

123 1908 428 1957 Sarmaticam
454 1907 712 1956 barbariem
733 1908 960 1963 redoleat,
995 1907 1126 1954 nulla
1148 1890 1225 1954 hic
1249 1924 1422 1955 vocum
1442 1909 1629 1957 licentia

123 1974 494 2039 reprehendenda
510 1974 651 2022 venit.
721 1974 802 2022 Si
792 1974 897 2038 quis
915 1974 1069 2023 Ovidii
1087 1989 1243 2020 naevos
1263 1988 1421 2021 notare
1437 1974 1627 2049 satagat,

123 2041 351 2114 nusquam
382 2041 534 2088 minus
557 2039 702 2104 quam
725 2039 771 2087 in
796 2039 934 2103 ipsius
959 2038 1183 2114 Epistolis
1206 2053 1375 2087 metam
1415 2041 1625 2106 attinget.

122 2106 173 2158 Si
198 2107 304 2172 quis
330 2120 483 2158 autem
507 2107 730 2165 maximas
754 2106 1027 2169 Nafhniani
1017 2105 1186 2179 ingenii
1209 2105 1339 2153 dotes
1363 2105 1627 2180 inspexerit,

125 2171 206 2220 has
225 2189 317 2220 non
337 2172 509 2237 uspiam
529 2173 677 2237 magis
696 2161 929 2236 splendere
946 2171 1213 2249 comperiet.
1264 2171 1416 2220 Ludit
1433 2174 1626 2238 quidem

114 2237 254 2313 jocis,
278 2240 327 2287 &
344 2239 570 2303 elegantes
588 2239 684 2286 acrit
701 2255 866 2303 nugas,
889 2236 1150 2290 verecunde
1170 2251 1319 2285 tamen
1339 2240 1387 2286 &
1406 2240 1627 2304 castigato

123 2305 258 2367 stylo.
327 2306 570 2363 Praeterea,
604 2279 808 2352 §metum
832 2305 922 2352 hoc
945 2305 995 2351 ὅτ
1020 2301 1216 2352 amabile
1239 2304 1420 2352 dicendi
1457 2319 1625 2371 genus,

125 2369 410 2418 subtiliflirna
431 2372 480 2418 &
504 2370 869 2418 accuratissima
859 2370 1029 2435 ingenii
1047 2370 1164 2417 acies
1184 2369 1408 2434 nusquam
1435 2389 1526 2418 non
1545 2389 1626 2419 ex-
1670 2422 1677 2428 ,

118 2448 283 2493 ornat3
317 2437 368 2484 δι
384 2436 561 2501 ubique
578 2436 690 2485 utile
706 2437 834 2484 dulci
852 2435 1073 2501 praeclare
1088 2436 1314 2484 miscetur.
1351 2438 1423 2484 Ita
1437 2439 1625 2485 videtur

83 2496 85 2503 ’
120 2519 151 2549 a
175 2517 337 2549 natura
361 2506 686 2568 comparatus,
710 2515 765 2550 ut
787 2503 917 2566 quod
941 2503 1136 2566 quilque
1160 2503 1205 2549 in
1230 2503 1418 2568 lingulis
1444 2505 1626 2551 casibus

121 2582 305 2632 optaret
323 2569 470 2631 loqui,
486 2570 725 2648 loquatur.
783 2571 918 2634 Qas
943 2568 1138 2615 aliorum
1158 2569 1342 2615 nomine
1359 2570 1626 2634 conscripsit

123 2637 348 2698 Epistolas,
384 2629 507 2681 tanta
530 2651 642 2682 cum
663 2634 881 2682 felicitate
904 2651 1039 2698 aeque
1064 2651 1115 2681 ac
1140 2634 1378 2698 diligentia
1401 2650 1622 2694 exaravit,

123 2714 178 2750 ut
193 2700 348 2748 omnia
364 2700 530 2774 dixerit
547 2717 656 2765 qnae
677 2701 718 2778 ip
741 2700 872 2747 simili
893 2708 999 2747 caiu
1015 2700 1219 2774 cuipiam
1237 2701 1431 2747 dicenda
1455 2701 1621 2750 forent.

30 2771 37 2779 '
112 2753 324 2832 §iugula
342 2766 478 2816 enim
494 2782 704 2815 accurate
727 2767 945 2831 exquirit,
982 2772 1074 2815 non
1100 2767 1240 2814 alium
1265 2766 1483 2832 exprimit
1513 2769 1621 2815 cha-

1387 2835 1620 2891 raclerem,
